<?xml version="1.0" encoding="UTF-8"?><collection xmlns="http://www.loc.gov/MARC21/slim"><record><leader>00722nam--2200193-i-4500</leader><controlfield tag="001">000023736</controlfield><controlfield tag="002">20161230</controlfield><controlfield tag="005">20161230201035</controlfield><controlfield tag="008">060222s1000------------r-----000-0-eng-d</controlfield><datafield ind1=" " ind2=" " tag="020"><subfield code="a">0854981233</subfield></datafield><datafield ind1=" " ind2=" " tag="040"><subfield code="a">IFIN-HH</subfield></datafield><datafield ind1=" " ind2=" " tag="080"><subfield code="a">537.311.322:621.315.59(061.3)</subfield></datafield><datafield ind1="1" ind2=" " tag="110"><subfield code="a">Institute Of Physics, England</subfield></datafield><datafield ind1="1" ind2="0" tag="245"><subfield code="a">Gallium arsenide and related compounds (edinburgh), 1976</subfield><subfield code="b">Proceedings of the sixth international symposium on gallium arsenide and related compounds, edinburgh conference, 20-22 september 1976, edited by c. hilsum</subfield></datafield><datafield ind1=" " ind2=" " tag="260"><subfield code="a">Bristol</subfield><subfield code="b">The Institute Of Physics</subfield><subfield code="c">1977</subfield></datafield><datafield ind1=" " ind2=" " tag="300"><subfield code="a">X + 438 P</subfield></datafield><datafield ind1=" " ind2=" " tag="490"><subfield code="a">Conference Series</subfield><subfield code="v">Number 33a</subfield></datafield><datafield ind1=" " ind2=" " tag="852"><subfield code="a">45959</subfield><subfield code="c">537.311.33</subfield></datafield><datafield ind1=" " ind2=" " tag="CAT"><subfield code="a">Sys</subfield><subfield code="c">20110725</subfield><subfield code="h">133729</subfield></datafield></record></collection>